@inproceedings{kunz2012time,
  title = {Time-Optimal Trajectory Generation for Path Following with Bounded Acceleration and Velocity},
  pages = {09--13},
  month = {July},
  booktitle = {Robotics: Science and Systems},
  author = {Tobias Kunz and Mike Stilman},
  year = {2012}
}

@article{bobrow1985time,
  title={Time-optimal control of robotic manipulators along specified paths},
  author={Bobrow, James E and Dubowsky, Steven and Gibson, JS},
  journal={The International Journal of Robotics Research},
  volume={4},
  number={3},
  pages={3--17},
  year={1985},
  publisher={Sage Publications}
}

@inproceedings{pham2013velocity, 
  AUTHOR    = {Quang-Cuong Pham AND St\'{e}phane Caron AND Yoshihiko Nakamura}, 
  TITLE     = {Kinodynamic Planning in the Configuration Space via Velocity Interval Propagation}, 
  BOOKTITLE = {Proceedings of Robotics: Science and Systems}, 
  YEAR      = {2013}, 
  ADDRESS   = {Berlin, Germany}, 
  MONTH     = {June} 
} 

@article{lavalle2001randomized,
  title={Randomized kinodynamic planning},
  author={LaValle, Steven M and Kuffner, James J},
  journal={The International Journal of Robotics Research},
  volume={20},
  number={5},
  pages={378--400},
  year={2001},
  publisher={SAGE Publications}
}

@article{shin1985minimum,
  title={Minimum-time control of robotic manipulators with geometric path constraints},
  author={Shin, Kang and McKay, N},
  journal={Automatic Control, IEEE Transactions on},
  volume={30},
  number={6},
  pages={531--541},
  year={1985},
  publisher={IEEE}
}

@inproceedings{phillips2011sipp,
  title={SIPP: Safe interval path planning for dynamic environments},
  author={Phillips, Mike and Likhachev, Maxim},
  booktitle={Robotics and Automation (ICRA), 2011 IEEE International Conference on},
  pages={5628--5635},
  year={2011},
  organization={IEEE}
}
